@article{kaya2019impact,
  title={The impact of feature types, classifiers, and data balancing techniques on software vulnerability prediction models},
  author={Kaya, Aydin and Keceli, Ali Seydi and Catal, Cagatay and Tekinerdogan, Bedir},
  journal={Journal of Software: Evolution and Process},
  volume={31},
  number={9},
  pages={e2164},
  year={2019},
  publisher={Wiley Online Library}
}

@article{hanaexploring,
  title={Exploring the Influence of Statistics in Data Science},
  author={Hana, Bedda},
  journal={Unknown Journal},
  year={2024}
}

@book{kanaan2014doing,
  title={Doing Data Science},
  author={Kanaan, Sarah H},
  year={2014},
  publisher={CreateSpace Independent Publishing Platform}
}

@book{foxwell2020creating,
  title={Creating Good Data: A Guide to Dataset Structure and Data Representation},
  author={Foxwell, Harry J},
  year={2020},
  publisher={Springer}
}

@book{kim20209,
  title={The 9 Pitfalls of Data Science},
  author={Kim, Yongdai},
  year={2020},
  publisher={Taylor \& Francis},
  note={Review of: The 9 Pitfalls of Data Science by Gary Smith and Jay Cordes, Oxford University Press, 2019, v+256 pp., \$32.95 (H), ISBN: 978-0-19-884439-6}
}

@article{karrar2022effect,
  title={The Effect of Using Data Pre-Processing by Imputations in Handling Missing Values},
  author={Karrar, Abdelrahman Elsharif},
  journal={Indonesian Journal of Electrical Engineering and Informatics (IJEEI)},
  volume={10},
  number={2},
  pages={375--384},
  year={2022}
}

@article{ragel1999mvc,
  title={MVC -- A Preprocessing Method to Deal with Missing Values},
  author={Ragel, Arnaud and Cremilleux, Bruno},
  journal={Knowledge-Based Systems},
  volume={12},
  number={5-6},
  pages={285--291},
  year={1999},
  publisher={Elsevier}
}

@inproceedings{nargesian2017learning,
  title={Learning Feature Engineering for Classification},
  author={Nargesian, Fatemeh and Samulowitz, Horst and Khurana, Udayan and Khalil, Elias B and Turaga, Deepak S},
  booktitle={Proceedings of the International Joint Conference on Artificial Intelligence (IJCAI)},
  volume={17},
  pages={2529--2535},
  year={2017}
}

@article{ding2018model,
  title={Model Selection Techniques: An Overview},
  author={Ding, Jie and Tarokh, Vahid and Yang, Yuhong},
  journal={IEEE Signal Processing Magazine},
  volume={35},
  number={6},
  pages={16--34},
  year={2018},
  publisher={IEEE}
}

@incollection{mcavaney2001model,
  title={Model Evaluation},
  author={McAvaney, Bryant J and Covey, C and Joussaume, S and Kattsov, V and Kitoh, A and Ogana, W and Pitman, A J and Weaver, A J and Wood, R A and Zhao, Z-C and others},
  booktitle={Climate Change 2001: The Scientific Basis. Contribution of Working Group I to the Third Assessment Report of the IPCC (TAR)},
  pages={471--523},
  year={2001},
  publisher={Cambridge University Press}
}

@inproceedings{sindhgatta2020exploring,
  title={Exploring Interpretable Predictive Models for Business Processes},
  author={Sindhgatta, Renuka and Moreira, Catarina and Ouyang, Chun and Barros, Alistair},
  booktitle={International Conference on Business Process Management},
  pages={257--272},
  year={2020},
  publisher={Springer}
}

@article{hong2020human,
  title={Human Factors in Model Interpretability: Industry Practices, Challenges, and Needs},
  author={Hong, Sungsoo Ray and Hullman, Jessica and Bertini, Enrico},
  journal={Proceedings of the ACM on Human-Computer Interaction},
  volume={4},
  number={CSCW1},
  pages={1--26},
  year={2020},
  publisher={ACM}
}